@article{zomorodian2005computing,
  title={Computing persistent homology},
  author={Zomorodian, Afra and Carlsson, Gunnar},
  journal={Discrete \& Computational Geometry},
  volume={33},
  number={2},
  pages={249--274},
  year={2005},
  publisher={Springer}
}

@book{dummit-foote,
  title={Abstract Algebra},
  author={Dummit, D.S. and Foote, R.M.},
  isbn={9780471433347},
  lccn={2003057652},
  year={2003},
  publisher={Wiley}
}

@book{hatcher,
  title={Algebraic Topology},
  author={Hatcher, Allen},
  year={2002},
  publisher={Cambridge University Press}
}

@article{cohen2007stability,
  title={Stability of persistence diagrams},
  author={Cohen-Steiner, David and Edelsbrunner, Herbert and Harer, John},
  journal={Discrete \& Computational Geometry},
  volume={37},
  number={1},
  pages={103--120},
  year={2007},
  publisher={Springer}
}

@inproceedings{chazal2009proximity,
  title={Proximity of persistence modules and their diagrams},
  author={Chazal, Fr{\'e}d{\'e}ric and Cohen-Steiner, David and Glisse, Marc and Guibas, Leonidas J and Oudot, Steve Y},
  booktitle={Proceedings of the twenty-fifth annual symposium on Computational geometry},
  pages={237--246},
  year={2009},
  organization={ACM}
}

@book{eisenbud1995commutative,
  title={Commutative algebra with a view toward algebraic geometry},
  author={Eisenbud, David and others},
  volume={27},
  year={1995},
  publisher={Springer New York}
}

@article{bubenik2014categorification,
  title={Categorification of persistent homology},
  author={Bubenik, Peter and Scott, Jonathan A},
  journal={Discrete \& Computational Geometry},
  volume={51},
  number={3},
  pages={600--627},
  year={2014},
  publisher={Springer}
}

@article{de2011dualities,
  title={Dualities in persistent (co)homology},
  author={De Silva, Vin and Morozov, Dmitriy and Vejdemo-Johansson, Mikael},
  journal={Inverse Problems},
  volume={27},
  number={12},
  pages={124003},
  year={2011},
  publisher={IOP Publishing}
}

@article{bubenik2013metrics,
  title={Metrics for generalized persistence modules},
  author={Bubenik, Peter and de Silva, Vin and Scott, Jonathan},
  journal={arXiv preprint arXiv:1312.3829},
  year={2013}
}

@article{chazal2012structure,
  title={The structure and stability of persistence modules},
  author={Chazal, Fr{\'e}d{\'e}ric and de Silva, Vin and Glisse, Marc and Oudot, Steve},
  journal={arXiv preprint arXiv:1207.3674},
  year={2012}
}

@article{vejdemo2012sketches,
  title={Sketches of a platypus: persistent homology and its algebraic foundations},
  author={Vejdemo-Johansson, Mikael},
  journal={arXiv preprint arXiv:1212.5398},
  year={2012}
}

@article{chazal2014observable,
  title={The observable structure of persistence modules},
  author={Chazal, Fr{\'e}d{\'e}ric and Crawley-Boevey, William and De Silva, Vin},
  journal={arXiv preprint arXiv:1405.5644},
  year={2014}
}

@article{azumaya1950corrections,
  title={Corrections and supplementaries to my paper concerning Krull-Remak-Schmidt's theorem},
  author={Azumaya, Gor{\^o} and others},
  journal={Nagoya Mathematical Journal},
  volume={1},
  pages={117--124},
  year={1950},
  publisher={Editorial Board, Nagoya Mathematical Journal}
}

@online{barot2006representations,
  title={Representations of quivers},
  author={Barot, M},
  url = {http://www.matem.unam.mx/barot/articles/notes_ictp.pdf}
}

@article{auslander1974representation,
  title={Representation theory of artin algebras II},
  author={Auslander, Maurice},
  journal={Communications in algebra},
  volume={1},
  number={4},
  pages={269--310},
  year={1974},
  publisher={Taylor \& Francis}
}

@article{webb1985decomposition,
  title={Decomposition of graded modules},
  author={Webb, Cary},
  journal={Proceedings of the American Mathematical Society},
  volume={94},
  number={4},
  pages={565--571},
  year={1985}
}

@article{crawley2012decomposition,
  title={Decomposition of pointwise finite-dimensional persistence modules},
  author={Crawley-Boevey, William},
  journal={arXiv preprint arXiv:1210.0819},
  year={2012}
}

@book{mac1998categories,
  title={Categories for the working mathematician},
  author={Mac Lane, Saunders},
  volume={5},
  year={1998},
  publisher={Springer}
}

@book{popescu1973abelian,
  title={Abelian categories with applications to rings and modules},
  author={Popescu, Nicolae},
  volume={3},
  year={1973},
  publisher={Academic Press London}
}

@article{chazal2013geometric,
  title={Persistence stability for geometric complexes},
  author={Chazal, Fr{\'e}d{\'e}ric and De Silva, Vin and Oudot, Steve},
  journal={Geometriae Dedicata},
  pages={1--22},
  year={2013},
  publisher={Springer}
}

@article{edelsbrunner2002topological,
  title={Topological persistence and simplification},
  author={Edelsbrunner, Herbert and Letscher, David and Zomorodian, Afra},
  journal={Discrete and Computational Geometry},
  volume={28},
  number={4},
  pages={511--533},
  year={2002},
  publisher={Springer}
}

