@article{vejdemo2012sketches,
  title={Sketches of a platypus: persistent homology and its algebraic foundations},
  author={Vejdemo-Johansson, Mikael},
  journal={arXiv preprint arXiv:1212.5398},
  year={2012}
}

@article{zomorodian2005computing,
  title={Computing persistent homology},
  author={Zomorodian, Afra and Carlsson, Gunnar},
  journal={Discrete \& Computational Geometry},
  volume={33},
  number={2},
  pages={249--274},
  year={2005},
  publisher={Springer}
}

@article{cohen2007stability,
  title={Stability of persistence diagrams},
  author={Cohen-Steiner, David and Edelsbrunner, Herbert and Harer, John},
  journal={Discrete \& Computational Geometry},
  volume={37},
  number={1},
  pages={103--120},
  year={2007},
  publisher={Springer}
}


@article{chazal2012structure,
  title={The structure and stability of persistence modules},
  author={Chazal, Fr{\'e}d{\'e}ric and de Silva, Vin and Glisse, Marc and Oudot, Steve},
  journal={arXiv preprint arXiv:1207.3674},
  year={2012}
}